@article{turner2002rules,
	author = {Turner, Kenneth J and Jennings, Mark A},
	journal = {The Journal of Navigation},
	number = {2},
	pages = {263--275},
	publisher = {Cambridge University Press},
	title = {The Rules of Sailing Races for Hand-Held Devices},
	volume = {55},
	year = {2002}
}

